@report{1,
	author = "World Bank",
	title = "{Poverty and Shared Prosperity 2016:
Taking on Inequality}",
	url = "https://openknowledge.worldbank.org/bitstream/handle/10986/25078/9781464809583.pdf",
	year = "2016"
}

@misc{2,
	title = "{RANDAO: A DAO working as RNG of Ethereum}",
	url = "https://github.com/randao/randao"
}

@misc{3,
    author = "U.S. Census Bureau",
    title = "Income and Apportionment of State-Administered Lottery Funds: 2015",
    url = "https://www2.census.gov/govs/state/2015_lottery_table.xls",
    year = "2015"
}

@article{4,
    author = "Chris Islidore",
    journal = "CNN Money",
    title = "We spend billions on lottery tickets. Here's where all that money goes",
    url = "http://money.cnn.com/2017/08/24/news/economy/lottery-spending/index.html",
    month = "August",
    year = "2017"
}

@misc{5,
    title = "Order statistic tree",
    author = "Wikipedia",
    url = "https://en.wikipedia.org/wiki/Order_statistic_tree"
}

@article{6,
    author = "Michael del Castillo",
    journal = "CoinDesk",
    title = "United Nations Sends Aid to 10,000 Syrian Refugees Using Ethereum Blockchain",
    url = "https://www.coindesk.com/united-nations-sends-aid-to-10000-syrian-refugees-using-ethereum-blockchain/",
    month = "June",
    year = "2017"
}

@misc{7,
    title = "Security Considerations",
    journal = "Solidity Docs",
    url = "http://solidity.readthedocs.io/en/develop/security-considerations.html"
}

@article{8,
    author = "Keith Shwarz",
    title = "Darts, Dice, and Coins: Sampling from a Discrete Distribution",
    url = "http://www.keithschwarz.com/darts-dice-coins/",
    month = "December",
    year = "2011"
}

@article{9,
    author = "The Maker Team",
    title = "The Dai Stablecoin System",
    url = "https://makerdao.com/whitepaper/DaiDec17WP.pdf",
    month = "December",
    year = "2017"
}

@article{10,
    author = "David Ernst",
    title = "Hard Problems in Cryptocurrency",
    url = "https://github.com/ethereum/wiki/wiki/Problems",
    month = "December",
    year = "2017"
}

@article{11,
    author = "Kris Decoodt",
    title = "What is the Giveth DApp?",
    url = "https://medium.com/giveth/what-is-the-future-of-giving-d50446b0a0e4",
    month = "October",
    year = "2017"
}

@article{12,
    author = "Arseny Reutov",
    title = "Predicting Random Numbers in Ethereum Smart Contracts",
    url = "https://blog.positive.com/predicting-random-numbers-in-ethereum-smart-contracts-e5358c6b8620",
    month = "January",
    year = "2018"
}