@report{1,
	author = "World Bank",
	title = "{Poverty and Shared Prosperity 2016:
Taking on Inequality}",
	url = "https://openknowledge.worldbank.org/bitstream/handle/10986/25078/9781464809583.pdf",
	year = "2016"
}

@misc{2,
	title = "{RANDAO: A DAO working as RNG of Ethereum}",
	url = "https://github.com/randao/randao"
}

@misc{3,
    author = "U.S. Census Bureau",
    title = "Income and Apportionment of State-Administered Lottery Funds: 2015",
    url = "https://www2.census.gov/govs/state/2015_lottery_table.xls",
    year = "2015"
}

@article{4,
    author = "Chris Islidore",
    journal = "CNN Money",
    title = "We spend billions on lottery tickets. Here's where all that money goes",
    url = "http://money.cnn.com/2017/08/24/news/economy/lottery-spending/index.html",
    month = "August",
    year = "2017"
}

@misc{5,
    title = "Order statistic tree",
    author = "Wikipedia",
    url = "https://en.wikipedia.org/wiki/Order_statistic_tree"
}

@article{6,
    author = "Michael del Castillo",
    journal = "CoinDesk",
    title = "United Nations Sends Aid to 10,000 Syrian Refugees Using Ethereum Blockchain",
    url = "https://www.coindesk.com/united-nations-sends-aid-to-10000-syrian-refugees-using-ethereum-blockchain/",
    month = "June",
    year = "2017"
}